<record><leader>00000cas a22000007a 4500</leader><controlfield tag="001">9805088</controlfield><controlfield tag="008">830812d18921902nyuwr ne      0    0eng d</controlfield><datafield ind1=" " ind2=" " tag="010"><subfield code="a">sn 90066114 </subfield></datafield><datafield ind1=" " ind2=" " tag="040"><subfield code="a">EYU</subfield><subfield code="b">eng</subfield><subfield code="c">EYU</subfield><subfield code="d">NYG</subfield><subfield code="d">YOX</subfield><subfield code="d">OCLCQ</subfield><subfield code="d">CWI</subfield><subfield code="d">OCLCF</subfield><subfield code="d">OCLCO</subfield><subfield code="d">DLC</subfield><subfield code="d">IUL</subfield><subfield code="d">OCLCO</subfield><subfield code="d">OCL</subfield><subfield code="d">OCLCO</subfield></datafield><datafield ind1="1" ind2=" " tag="029"><subfield code="a">AU@</subfield><subfield code="b">000020583583</subfield></datafield><datafield ind1=" " ind2=" " tag="042"><subfield code="a">msc</subfield></datafield><datafield ind1="0" ind2="0" tag="050"><subfield code="a">Newspaper</subfield></datafield><datafield ind1=" " ind2=" " tag="090"><subfield code="a">SF321</subfield><subfield code="b">.S74</subfield></datafield><datafield ind1="0" ind2="0" tag="245"><subfield code="a">Spirit of the times and the New York sportsman.</subfield></datafield><datafield ind1="3" ind2="0" tag="246"><subfield code="a">New York sportsman</subfield></datafield><datafield ind1=" " ind2=" " tag="260"><subfield code="a">New York [N.Y.] :</subfield><subfield code="b">E.A. Buck,</subfield><subfield code="c">1892-1902.</subfield></datafield><datafield ind1=" " ind2=" " tag="300"><subfield code="a">22 v. :</subfield><subfield code="b">ill. ;</subfield><subfield code="c">40 cm.</subfield></datafield><datafield ind1=" " ind2=" " tag="310"><subfield code="a">Weekly</subfield></datafield><datafield ind1="0" ind2=" " tag="362"><subfield code="a">Vol. 123, no. 16 (May 7, 1892)-v. 144, no. 23 (Dec. 13, 1902).</subfield></datafield><datafield ind1=" " ind2="0" tag="651"><subfield code="a">New York (N.Y.)</subfield><subfield code="v">Newspapers.</subfield></datafield><datafield ind1=" " ind2="0" tag="651"><subfield code="a">New York County (N.Y.)</subfield><subfield code="v">Newspapers.</subfield></datafield><datafield ind1=" " ind2="0" tag="650"><subfield code="a">Horse racing</subfield><subfield code="v">Newspapers.</subfield></datafield><datafield ind1=" " ind2="0" tag="650"><subfield code="a">Sports</subfield><subfield code="v">Newspapers.</subfield></datafield><datafield ind1=" " ind2="7" tag="655"><subfield code="a">Newspapers.</subfield><subfield code="2">fast</subfield><subfield code="0">(OCoLC)fst01423814</subfield></datafield><datafield ind1=" " ind2="7" tag="650"><subfield code="a">Horse racing.</subfield><subfield code="2">fast</subfield><subfield code="0">(OCoLC)fst00960488</subfield></datafield><datafield ind1=" " ind2="7" tag="650"><subfield code="a">Sports.</subfield><subfield code="2">fast</subfield><subfield code="0">(OCoLC)fst01130432</subfield></datafield><datafield ind1=" " ind2="7" tag="651"><subfield code="a">New York (State)</subfield><subfield code="z">New York.</subfield><subfield code="2">fast</subfield><subfield code="0">(OCoLC)fst01204333</subfield></datafield><datafield ind1=" " ind2="7" tag="651"><subfield code="a">New York (State)</subfield><subfield code="z">New York County.</subfield><subfield code="2">fast</subfield><subfield code="0">(OCoLC)fst01234953</subfield></datafield><datafield ind1=" " ind2=" " tag="752"><subfield code="a">United States</subfield><subfield code="b">New York</subfield><subfield code="c">New York</subfield><subfield code="d">New York.</subfield></datafield><datafield ind1="0" ind2="4" tag="780"><subfield code="t">Spirit of the times (New York, N.Y. : 1868)</subfield><subfield code="w">(DLC)sn 83030749</subfield><subfield code="w">(OCoLC)6119028</subfield></datafield><datafield ind1="0" ind2="4" tag="780"><subfield code="t">New York sportsman</subfield><subfield code="w">(DLC)sn 84031904</subfield><subfield code="w">(OCoLC)1130354</subfield></datafield></record>